% Encoding: UTF-8

@Article{Tomic2009,
  author  = {Tomic, Oliver and Luciano, Giorgio and Nilsen, Asgeir and Hyldig, Grethe and Lorensen, Kirsten and N{\ae}s, Tormod},
  title   = {Analysing sensory panel performance in a proficiency test using the PanelCheck software},
  journal = {European Food Research and Technology},
  year    = {2009},
  volume  = {230},
  number  = {3},
  pages   = {497},
  month   = {Dec},
  issn    = {1438-2385},
  day     = {02},
  doi     = {10.1007/s00217-009-1185-y},
  url     = {https://doi.org/10.1007/s00217-009-1185-y},
}

@Article{Christiansen2011,
  author = {Anne Sofie G. Christiansen and Terese Skjødt Jessen and Katrine Bech Pedersen},
  title  = {Investigation of Loudspeakers' Visual Appearance and its Influence on the Evaluation of Sound Quality},
  year   = {2011},
}

@inbook{Naes2010,
  title = {Statistics for Sensory and Consumer Science},
  author = {Tormod Næs and Per B. Brockhoff and Oliver Tomic},
  chapter = {14 - Principal Component Analysis},
  year = {2010},
  publisher = {John Wiley \& Sons}
}

@Comment{jabref-meta: databaseType:bibtex;}
