%% This BibTeX bibliography file was created using BibDesk.
%% http://bibdesk.sourceforge.net/

%% Created for Sara Nielsen at 2017-09-18 13:40:00 +0200 


%% Saved with string encoding Unicode (UTF-8) 


@comment{jabref-meta: databaseType:bibtex;}


@article{PracticalGuide,
	Author = {Tamlin Conner Christensen and Lisa Feldman Barrett and Elza Bliss-Moreau and Kirsten Lebo and Cynthia Kaschub},
	Title = {A Practical Guide to Experience-Sampling Procedures},
	journal = {Journal of Happiness Studies},
	volume = {4},
	number = {1}, 
	Pages = {53-78},
	year = {2003},
	DOI = {https://doi.org/10.1023/A:1023609306024}
	}
