% Encoding: windows-1252


@Misc{CetreaA/S2017,
  Title                    = {Cetrea Clinical Logistics},
  Author                   = {Cetrea},
  Month                    = apr,
  Year                     = {2017},
  URL                      = {http://www.cetrea.com/index.php/da/products-2/ccl4-techology}
}

@Book{goodman2012observing,
  author    = {Goodman, E. and Kuniavsky, M. and Moed, A.},
  title     = {Observing the User Experience: A Practitioner's Guide to User Research},
  year      = {2012},
  series    = {Interactive Technologies},
  publisher = {Elsevier Science},
  isbn      = {9780123848703},
  url       = {https://books.google.dk/books?id=ZqAl1AsglfIC},
  lccn      = {2012014674},
}

@Article{Hovedstaden2017,
  Title                    = {Sp{\o}rgsm{\aa}l og svar om Sundhedsplatformen},
  Author                   = {Region Hovedstaden},
  Year                     = {2017},
  Month                    = may,
  URL                      = {https://www.regionh.dk/sundhedsplatform/om-sundhedsplatformen/Sider/Spoergsmaal-og-svar-om-Sundhedsplatformen.aspx}
}

@Article{JohannesSkovAndersen2017,
  author = {Heidi Skibsted \& Johannes Skov Andersen},
  title  = {Fra 9 til 90 sekunder. Nu skal l{\ae}gen klikke 32 gange med musen for at bestille en blodpr{\o}ve},
  year   = {2017},
  month  = may,
  url    = {http://politiken.dk/indland/art5921865/Nu-skal-l%C3%A6gen-klikke-32-gange-med-musen-for-at-bestille-en-blodpr%C3%B8ve},
}

@Article{Kristiansen2017,
  author = {Thomas Birk Kristiansen},
  title  = {Sunhedsv{\ae}snets IC4 tog til 3 mia. Nu ans{\ae}ttes der klikkere til Sundhedsplatformen},
  year   = {2017},
  url    = {http://denoffentlige.dk/sundhedsvaesnets-ic4-tog-til-3-mia-nu-ansaettes-der-klikkere-til-sundhedsplatformen},
  owner  = {Ole},
  review = {Ansaettelse af klikker, så laegerne ikke skal (da det kraever tid fra laegernes side, men at der også forekommer museskader)

Regionen mener at det er laegerne(brugerne) som er problemet og ikke systemet. Med en begrundelse af, at systemet har haft en oppetid taet på 100procent og ingen patient skader og at der er hurtige fejlretninger.},
}

@Manual{Moeller2015,
  author       = {J{\o}rn Munkhof M{\o}ller},
  title        = {Triagering af akutte patienter},
  year         = {2015},
  date         = {2015-01-18},
  organization = {Region Nordjylland},
  url          = {https://pri.rn.dk/Sider/5264.aspx},
}

@Manual{Klausen2016,
  author       = {Christina Schel Klausen},
  title        = {C-View-huskesedler},
  year         = {2016},
  date         = {2016-11-25},
  organization = {Region Nordjylland},
  url          = {https://pri.rn.dk/Sider/18610.aspx},
}

@Book{Schwartz2016,
  author    = {Bennet L. Schwartz and JohH. Krantz},
  title     = {Sensation \& Perception},
  year      = {2016},
  date      = {2015-01-08},
  publisher = {SAGE Publications, Inc},
  isbn      = {978-1-4833-0810-4},
  pagetotal = {480},
  url       = {http://www.ebook.de/de/product/23194934/bennett_l_schwartz_john_h_krantz_sensation_and_perception.html},
  ean       = {9781483308104},
}

@Book{Palmer1999,
  author    = {Palmer, Stephen E.},
  title     = {Vision Science: Photons to Phenomenology},
  year      = {1999},
  date      = {1999-04-11},
  publisher = {MIT PR},
  isbn      = {0-262-16183-4},
  pagetotal = {832},
  url       = {http://www.ebook.de/de/product/3645364/stephen_e_palmer_vision_science_photons_to_phenomenology.html},
  ean       = {9780262161831},
}

@Article{Jonides1981,
  author  = {Jonides, John},
  title   = {Voluntary versus automatic control over the mind's eye's movement},
  journal = {Attention and performance IX},
  year    = {1981},
  volume  = {9},
  pages   = {187-203},
}

@Book{Fawcett2015,
  title     = {The Handbook of Attention},
  year      = {2015},
  date      = {2015-12-14},
  editor    = {Johnathan M. Fawcett and Evan F. Risko and Alan Kingstone},
  publisher = {MIT Press Ltd},
  isbn      = {978-0-262-02969-8},
  pagetotal = {696},
  url       = {http://www.ebook.de/de/product/24022401/the_handbook_of_attention.html},
  ean       = {9780262029698},
}

@Book{Johnson2010,
  author = {Jeff Johnson},
  title  = {Designing with the Mind in Mind - Simple Guide to Understanding User Interface Design Rules},
  year   = {2010},
  isbn   = {978-0-12-375030-3},
}

@Report{Sundhedsstyrelsen2014,
  author      = {Sundhedsstyrelsen},
  title       = {Faglig gennemgang af akutmodtagelserne},
  institution = {Ministeriet for sundhed og forebyggelse},
  year        = {2014},
}

@Manual{tobii2016,
  author    = {Tobii},
  editor    = {Tobii AB (publ)},
  title     = {User's manual Tobii Pro Glasses 2},
  year      = {2016},
  date      = {2016-10-01},
  url       = {https://www.tobiipro.com/product-listing/tobii-pro-glasses-2/},
  timestamp = {2017-05-17},
}

@Book{johnson2007,
  author    = {Johnson, Jeff},
  title     = {GUI Bloopers 2.0},
  year      = {2007},
  date      = {2007-10-04},
  publisher = {Elsevier Science \& Technology},
  isbn      = {978-0-12-370643-0},
  pagetotal = {424},
  url       = {http://www.ebook.de/de/product/6642689/jeff_johnson_gui_bloopers_2_0.html},
  ean       = {9780123706430},
}

@Misc{tobii2017,
  author = {Tobii},
  title  = {Specifications},
  year   = {2017},
  date   = {2017-05-17},
  url    = {https://www.tobiipro.com/product-listing/tobii-pro-glasses-2/},
}

@Book{Oxford2010,
  title     = {Oxford Dictionary of English},
  year      = {2010},
  date      = {2010-08-11},
  publisher = {Oxford University Press},
  isbn      = {978-0-1995-7112-3},
  pagetotal = {2112},
  url       = {http://www.ebook.de/de/product/11089679/oxford_dictionary_of_english.html},
  ean       = {9780199571123},
}

@Book{Eysenck2010,
  author    = {Michael W. Eysenck and Mark T. Keane},
  title     = {Cognitive Psychology: A Student's Handbook, 6th Edition},
  year      = {2010},
  language  = {German},
  publisher = {Psychology Press},
  isbn      = {978-1-84169-539-6},
  url       = {https://www.amazon.com/Cognitive-Psychology-Students-Handbook-6th/dp/1841695394?SubscriptionId=0JYN1NVW651KCA56C102&tag=techkie-20&linkCode=xm2&camp=2025&creative=165953&creativeASIN=1841695394},
}

@Misc{Bibliotekerne2016,
  author       = {VIA Bibliotekerne},
  title        = {Sygeplejefaglige emneord - dansk - engelsk - svensk oftest fra Cinahl, PubMed eller SveMed},
  year         = {2016},
  date         = {2016-06-16},
  organization = {VIA Bibliotekerne},
  url          = {https://www.bibliotekerne.via.dk/sites/default/files/sygeplejefaglige_emneord-dan-eng-sve.pdf},
}

@Book{Benyon2010,
  author    = {David Benyon},
  title     = {Designing Interactive Systems: A Comprehensive Guide to HCI and Interaction Design (2nd Edition)},
  year      = {2010},
  publisher = {Pearson Education Canada},
  isbn      = {978-0-321-43533-0},
  url       = {https://www.amazon.com/Designing-Interactive-Systems-Comprehensive-Interaction/dp/0321435338?SubscriptionId=0JYN1NVW651KCA56C102&tag=techkie-20&linkCode=xm2&camp=2025&creative=165953&creativeASIN=0321435338},
}

@Book{Gleitman2010,
  author    = {Gleitman, Henry and Gross, James and Reisberg, Daniel},
  title     = {Psychology},
  year      = {2010},
  date      = {2010-03-11},
  publisher = {W W NORTON \& CO INC},
  isbn      = {978-0-393-93250-8},
  pagetotal = {715},
  url       = {http://www.ebook.de/de/product/9472997/henry_gleitman_james_gross_daniel_reisberg_psychology.html},
  ean       = {9780393932508},
}

@Book{Norman2013,
  author    = {Norman, Don},
  title     = {Design of Everyday Things},
  year      = {2013},
  date      = {2013-10-15},
  publisher = {Hachette Book Group USA},
  isbn      = {978-0-465-05065-9},
  pagetotal = {347},
  url       = {http://www.ebook.de/de/product/20253814/don_norman_design_of_everyday_things.html},
  ean       = {9780465050659},
}

@Book{Sauro2012,
  author    = {Jeff Sauro and James R Lewis},
  title     = {Quantifying the User Experience: Practical Statistics for User Research},
  year      = {2012},
  publisher = {Morgan Kaufmann},
  isbn      = {978-0-12-384968-7},
  url       = {https://www.amazon.com/Quantifying-User-Experience-Practical-Statistics/dp/0123849683?SubscriptionId=0JYN1NVW651KCA56C102&tag=techkie-20&linkCode=xm2&camp=2025&creative=165953&creativeASIN=0123849683},
}

@Article{Ravn2007,
  author  = {Evy Ravn},
  title   = {It i eget tempo},
  journal = {Sygeplejersken},
  year    = {2007},
  url     = {https://dsr.dk/sygeplejersken/arkiv/sy-nr-2007-2/it-i-eget-tempo},
}

@Book{Albert2013,
  author    = {Albert, Bill and Tullis, Tom},
  title     = {Measuring the User Experience},
  year      = {2013},
  date      = {2013-08-26},
  publisher = {Elsevier LTD, Oxford},
  isbn      = {978-0-12-415781-1},
  url       = {http://www.ebook.de/de/product/20428698/bill_albert_tom_tullis_measuring_the_user_experience.html},
  ean       = {9780124157811},
}

@Book{Rubin2008,
  author    = {Rubin, Jeffrey and Chisnell, Dana},
  title     = {Handbook of Usability Testing: How to Plan, Design, and Conduct Effective Tests},
  year      = {2008},
  date      = {2008-05-11},
  publisher = {JOHN WILEY \& SONS INC},
  isbn      = {978-0-470-18548-3},
  pagetotal = {348},
  url       = {http://www.ebook.de/de/product/7066670/jeffrey_rubin_dana_chisnell_handbook_of_usability_testing_how_to_plan_design_and_conduct_effective_tests.html},
  ean       = {9780470185483},
}

@Article{Hill2013,
  author    = {Robert G. Hill and Lynn Marie Sears and Scott W. Melanson},
  title     = {4000 Clicks: a productivity analysis of electronic medical records in a community hospital {ED}},
  journal   = {The American Journal of Emergency Medicine},
  year      = {2013},
  volume    = {31},
  number    = {11},
  month     = {nov},
  pages     = {1591--1594},
  issn      = {07356757},
  doi       = {10.1016/j.ajem.2013.06.028},
  publisher = {Elsevier {BV}},
}

@Book{Yin2010,
  author    = {Robert K. Yin},
  title     = {Qualitative Research from Start to Finish},
  year      = {2010},
  publisher = {The Guilford Press},
  isbn      = {1606239775},
  url       = {https://www.amazon.com/Qualitative-Research-Start-Finish-First/dp/1606239775?SubscriptionId=0JYN1NVW651KCA56C102&tag=techkie-20&linkCode=xm2&camp=2025&creative=165953&creativeASIN=1606239775},
}

@Book{Preece2002,
  author    = {Jenny Preece and Yvonne Rogers and Helen Sharp},
  title     = {Interaction Design},
  year      = {2002},
  edition   = {2nd},
  publisher = {Wiley},
  isbn      = {978-0-470-01866-8},
  url       = {https://www.amazon.com/Interaction-Design-Jenny-Preece/dp/0471492787?SubscriptionId=0JYN1NVW651KCA56C102&tag=techkie-20&linkCode=xm2&camp=2025&creative=165953&creativeASIN=0471492787},
}

@InBook{Brooke1996,
  author     = {John Brooke},
  title      = {SUS: A Quick and Dirty Usability Scale},
  booktitle  = {Usability Evaluation in Industry},
  year       = {1996},
  date       = {1996-06-11},
  bookauthor = {Jordan, Patrick and Jordan, Jordan W.},
  publisher  = {TAYLOR \& FRANCIS},
  isbn       = {0-7484-0460-0},
  pages      = {189-194},
  url        = {http://www.ebook.de/de/product/6765239/patrick_jordan_jordan_w_jordan_usability_evaluation_in_industry.html},
  ean        = {9780748404605},
  pagetotal  = {252},
}

@Article{David2016,
  author    = {Gary David and Susan Newell},
  title     = {Practices, Processes, and Systems Design: Why Consultants Need to be {\textquotedblleft}Everyday Ethnographers{\textquotedblright}},
  journal   = {Sotsiologicheskoe Obozrenie / Russian Sociological Review},
  year      = {2016},
  volume    = {15},
  number    = {1},
  pages     = {9--33},
  doi       = {10.17323/1728-192x-2016-1-9-33},
  publisher = {National Research University, Higher School of Economics ({HSE})},
}

@Book{Holmqvist2015,
  author    = {Holmqvist, Kenneth and Nystrom, Marcus and Andersson, Richard},
  title     = {Eye Tracking: A Comprehensive Guide To Methods And Measures},
  year      = {2015},
  date      = {2015-05-12},
  publisher = {Oxford University press},
  pagetotal = {560},
  url       = {http://www.ebook.de/de/product/28875376/kenneth_holmqvist_marcus_nystrom_richard_andersson_eye_tracking.html},
  ean       = {9780198738596},
}

@Book{Lidwell2010,
  author    = {William Lidwell and Kritina Holden and Jill Butler},
  title     = {Universal Principles of Design, Revised and Updated: 125 Ways to Enhance Usability, Influence Perception, Increase Appeal, Make Better Design Decisions, and Teach through Design},
  year      = {2010},
  publisher = {Rockport Publishers},
  isbn      = {9781592535873},
  url       = {https://www.amazon.com/Universal-Principles-Design-Revised-Updated-ebook/dp/B00A3T5UO4?SubscriptionId=0JYN1NVW651KCA56C102&tag=techkie-20&linkCode=xm2&camp=2025&creative=165953&creativeASIN=B00A3T5UO4},
}

@Comment{jabref-meta: databaseType:biblatex;}
