% Encoding: UTF-8

@Article{Wickelmaier2004,
  author  = {Wickelmaier, Florian and Schmid, Christian},
  title   = {A Matlab function to estimate choice model parameters from paired-comparison data},
  journal = {Behavior Research Methods, Instruments, {\&} Computers},
  year    = {2004},
  volume  = {36},
  number  = {1},
  pages   = {29--40},
  month   = {Feb},
  day     = {01},
  doi     = {10.3758/BF03195547},
  issn    = {1532-5970},
  url     = {https://doi.org/10.3758/BF03195547},
}

@Article{Zimmer2003,
  author  = {Zimmer, Karin and Ellermeier, Wolfgang},
  title   = {Deriving ratio-scale measures of sound quality from preference judgements},
  journal = {Institute of Noise Control Engineering},
  year    = {2003},
  volume  = {51},
  pages   = {210-215},
}

@Article{Ellermeier2004,
  author  = {Ellermeier, W. and Mader, M. and Daniel, P.},
  title   = {Scaling the Unpleasantness of Sounds According to the BTL Model: Ratio-Scale Representation and Psychoacoustical Analysis},
  journal = {Acta Acoustica United with Acustica},
  year    = {2004},
  volume  = {90},
  pages   = {101-107},
}

@Comment{jabref-meta: databaseType:bibtex;}
