% Encoding: UTF-8


@article{Wickelmaier2003,
	Author = {Florian Wickelmaier},
	Title = {An Introduction to MDS},
	Year = {2003}
}
{MarksGescheider2011,
	author	= "Lawrence E. Marks and George A. Gescheider",
	title	= "Psychophysical Scaling",
	booktitle= "Stevens' Handbook of Experimental psychology",
	publisher= "Wiley",
	editor	= "3",
	volume	= "4",
	%number	= "",
	%series	= "",
	%type	= "",
	chapter= "3",
	pages	= "91-138",
	%address= "",
	%edition= "",
	year	= "2001",
	%month	= "",
	%note	= "",
}

@book{PDF:Hearing,
	Author = {Stanley A. Gelfand},
	Chapter = {7},
	Date-Added = {2017-09-18 08:38:32 +0000},
	Date-Modified = {2017-09-18 08:42:12 +0000},
	Edition = {Fourth},
	Editor = {Marcel Dekker},
	Isbn = {0-8247-5652-2},
	Pages = {287-296},
	Subtitle = {An Introduction to Psychological and Physiological Acoustics},
	Title = {Hearing},
	Year = {2004}}

@Misc{Borgatti1997,
  author = {Stephen P. Borgatti},
  title  = {Multidimensional Scaling},
  year   = {1997},
  url    = {http://www.analytictech.com/borgatti/mds.htm},
}

@Comment{jabref-meta: databaseType:bibtex;}
