%% This BibTeX bibliography file was created using BibDesk.
%% http://bibdesk.sourceforge.net/

%% Created for Sara Nielsen at 2017-12-11 14:57:42 +0100 


%% Saved with string encoding Unicode (UTF-8) 


@comment{jabref-meta: databaseType:bibtex;}



@online{WEB:Processing3,
	Author = {Ben Fry and Casey Reas},
	Date-Added = {2017-12-11 13:54:49 +0000},
	Date-Modified = {2017-12-11 13:57:42 +0000},
	Day = {04},
	Month = {09},
	Subtitle = {Download Processing},
	Title = {Processing},
	Url = {https://processing.org/download/},
	Urlday = {11},
	Urlmonth = {12},
	Urlyear = {2017},
	Year = {2017}}

@online{WEB:DanskersHoejde,
	Author = {Professor Janne Tolstrup},
	Date-Added = {2017-12-05 14:22:40 +0000},
	Date-Modified = {2017-12-05 14:24:39 +0000},
	Day = {01},
	Editor = {Statens Institut for Folkesunhed},
	Month = {September},
	Title = {Danskerne er blevet 10 cm h{\o}jere},
	Url = {http://www.si-folkesundhed.dk/Ugens%20tal%20for%20folkesundhed/Ugens%20tal/35_2016.aspx},
	Urlday = {05},
	Urlmonth = {December},
	Urlyear = {2017},
	Year = {2016},
	Bdsk-Url-1 = {http://www.si-folkesundhed.dk/Ugens%20tal%20for%20folkesundhed/Ugens%20tal/35_2016.aspx}}

@article{PDF:UsingCIToLearn,
	Author = {Mary Elizabeth Raven and Alicia Flanders},
	Date-Added = {2017-11-01 07:59:45 +0000},
	Date-Modified = {2017-11-01 08:02:23 +0000},
	Doi = {10.1145/227614.227615},
	Issue = {1},
	Journaltitle = {ACM SIGDOC Asterisk Journal of Computer Documentation},
	Pages = {1-13},
	Title = {Using Contextual Inquiry To Learn About Your Audiences},
	Volume = {20},
	Year = {1996},
	Bdsk-Url-1 = {https://dx.doi.org/10.1145/227614.227615}}

@online{WEB:HeathrowStatistisk,
	Author = {Heathrow},
	Date-Added = {2017-10-31 12:27:29 +0000},
	Date-Modified = {2017-10-31 12:29:23 +0000},
	Editor = {LHR Airports Limited},
	Title = {Facts and figures},
	Url = {http://www.heathrow.com/company/company-news-and-information/company-information/facts-and-figures#},
	Urlday = {31},
	Urlmonth = {Oktober},
	Urlyear = {2017},
	Year = {2017},
	Bdsk-Url-1 = {http://www.heathrow.com/company/company-news-and-information/company-information/facts-and-figures#}}

@online{WEB:CPHStatistiskYear,
	Author = {K{\o}benhavns Lufthavn},
	Date-Added = {2017-10-31 12:22:22 +0000},
	Date-Modified = {2017-10-31 12:23:22 +0000},
	Day = {11},
	Editor = {K{\o}benhavns Lufthavn A/S},
	Month = {Januar},
	Title = {Record growth in 2016},
	Url = {https://www.cph.dk/en/about-cph/investor/traffic-statistics/2017/1/copenhagen-airport-record-growth-in-2016/},
	Urlday = {31},
	Urlmonth = {Oktober},
	Urlyear = {2017},
	Year = {2017},
	Bdsk-Url-1 = {https://www.cph.dk/om-cph/investorer/trafikstatistik/2017/10/cph-trafiktal-september-2017/}}

@online{WEB:CPHTerminalOversigt,
	Author = {K{\o}benhavns Lufthavn},
	Date-Added = {2017-10-30 21:32:54 +0000},
	Date-Modified = {2017-10-30 21:45:09 +0000},
	Editor = {K{\o}benhavns Lufthavn A/S},
	Title = {Shops \& Restaurants - Transit Area},
	Url = {https://www.cph.dk/globalassets/3.-praktisk/91.-transfer-ny/transfer_map_2017.pdf},
	Urlday = {30},
	Urlmonth = {Oktober},
	Urlyear = {2017},
	Year = {2017},
	Bdsk-Url-1 = {https://www.cph.dk/globalassets/3.-praktisk/91.-transfer-ny/transfer_map_2017.pdf}}

@online{WEB:AALTerminalOversigt,
	Author = {Aalborg Lufthavn},
	Date-Added = {2017-10-30 20:52:24 +0000},
	Date-Modified = {2017-10-30 20:54:06 +0000},
	Editor = {Aalborg Lufthavn},
	Subtitle = {Oversigtskort over terminalen},
	Title = {Terminaloversigt},
	Url = {http://www.aal.dk/lufthavnen/terminaloversigt},
	Urlday = {30},
	Urlmonth = {Oktober},
	Urlyear = {2017},
	Year = {2017},
	Bdsk-Url-1 = {http://www.aal.dk/lufthavnen/terminaloversigt}}

@online{WEB:AALStatistik,
	Author = {Aalborg Lufthavn},
	Date-Added = {2017-10-30 20:36:10 +0000},
	Date-Modified = {2017-10-30 20:38:25 +0000},
	Editor = {Aalborg Lufthavn},
	Subtitle = {Passagertal m{\aa}ned for m{\aa}ned},
	Title = {Passagertal},
	Url = {http://www.aal.dk/om-aalborg-lufthavn/om-os/passagertal},
	Urlday = {30},
	Urlmonth = {Oktober},
	Urlyear = {2017},
	Year = {2017},
	Bdsk-Url-1 = {http://www.aal.dk/om-aalborg-lufthavn/om-os/passagertal}}

@online{WEB:CPHStatistisk,
	Author = {K{\o}benhavns Lufthavn},
	Date-Added = {2017-10-30 20:30:56 +0000},
	Date-Modified = {2017-10-30 20:33:55 +0000},
	Day = {11},
	Editor = {K{\o}benhavns Lufthavn A/S},
	Month = {Oktober},
	Title = {CPH og de regionale lufthavne vil styrke indenrigstrafikken},
	Url = {https://www.cph.dk/om-cph/investorer/trafikstatistik/2017/10/cph-trafiktal-september-2017/},
	Urlday = {30},
	Urlmonth = {Oktober},
	Urlyear = {2017},
	Year = {2017},
	Bdsk-Url-1 = {https://www.cph.dk/om-cph/investorer/trafikstatistik/2017/10/cph-trafiktal-september-2017/}}

@book{Book:CIInterpretationSession,
	Author = {Karen Holtzblatt and Jessamyn Burns Wendell and Shelley Wood},
	Chapter = {5},
	Date-Added = {2017-10-30 13:29:09 +0000},
	Date-Modified = {2017-10-30 13:30:49 +0000},
	Editor = {Stuart Card and Jonathan Grudin and Jakob Nielsen},
	Isbn = {0-12-354051-8},
	Mainsubtitle = {A How-To Guide to Key Techniques for User-Centered Design},
	Maintitle = {Rapid Contextual Design},
	Pages = {101-122},
	Pagetotal = {321},
	Publisher = {Morgan Kaufmann Publishers},
	Series = {The Morgan Kaufmann Series in Interactive Technologies},
	Title = {Contextual Interview Interpretation Session},
	Year = {2005}}

@book{Book:BuildingAnAffinity,
	Author = {Karen Holtzblatt and Jessamyn Burns Wendell and Shelley Wood},
	Chapter = {8},
	Date-Added = {2017-10-29 21:31:41 +0000},
	Date-Modified = {2017-10-29 21:50:08 +0000},
	Editor = {Stuart Card and Jonathan Grudin and Jakob Nielsen},
	Isbn = {0-12-354051-8},
	Mainsubtitle = {A How-To Guide to Key Techniques for User-Centered Design},
	Maintitle = {Rapid Contextual Design},
	Pages = {159-179},
	Pagetotal = {321},
	Publisher = {Morgan Kaufmann Publishers},
	Series = {The Morgan Kaufmann Series in Interactive Technologies},
	Title = {Building an Affinity Diagram},
	Year = {2005}}

@book{PDF:ConsolidationIdeationAffinity,
	Author = {Karen Holtzblatt and Hugh Beyer},
	Chapter = {4},
	Date-Added = {2017-10-27 12:58:20 +0000},
	Date-Modified = {2017-10-27 13:07:16 +0000},
	Doi = {10.2200/S00597ED1V01Y201409HCI024},
	Editor = {John M. Carroll},
	Mainsubtitle = {Synthesis Lectures On Human-Centered Informatics},
	Maintitle = {Contextual Design: Evolved},
	Pages = {21-51},
	Publisher = {Morgan \& Claypool Publishers},
	Title = {Consolidation and Ideation: The Bridge to Design},
	Year = {2015},
	Bdsk-Url-1 = {http://dx.doi.org/10.2200/S00597ED1V01Y201409HCI024}}

@article{PDF:LadderingTheUserExperience,
	Author = {Vero Vanden Abeele and Bieke Zaman},
	Date-Added = {2017-10-27 12:33:34 +0000},
	Date-Modified = {2017-10-27 12:50:53 +0000},
	Journaltitle = {2009},
	Note = {INTERACT edition:12th IFIP TC13 Conference on Human-Computer Interaction location:Uppsala, Sweden date:24-28 August 2009},
	Pages = {1-5},
	Title = {Laddering the User Experience!},
	Url = {https://lirias.kuleuven.be/bitstream/123456789/267307/4/Laddering+the+User+Experience.pdf},
	Urlday = {27},
	Urlmonth = {Oktober},
	Urlyear = {2017},
	Bdsk-Url-1 = {https://lirias.kuleuven.be/bitstream/123456789/267307/4/Laddering+the+User+Experience.pdf}}

@article{PDF:GroupVSIndividual,
	Author = {Adrian Ball and David Rye and David Silvera-Tawil and Mari Velonaki},
	Date-Added = {2017-10-27 06:55:32 +0000},
	Date-Modified = {2017-10-27 07:02:08 +0000},
	Doi = {10.1007/978-3-319-25554-5 5},
	Editor = {Adriana Tapus and Elisabeth Andr{\'e} and Jean-Claude Martin and Fran{\c c}ois Ferland and Mehdi Ammi},
	Issuetitle = {Social Robotics},
	Journaltitle = {Springer},
	Note = {7th International Conference, ICSR 2015 Paris, France, October 26--30, 2015 Proceedings},
	Pages = {41-50},
	Title = {Group Vs. Individual Comfort When a Robot Approaches},
	Year = {2015},
	Bdsk-Url-1 = {http://dx.doi.org/10.1007/978-3-319-25554-5%205}}

@online{WEB:Oxford,
	Author = {Oxford University Press},
	Date-Added = {2017-10-26 18:41:00 +0000},
	Date-Modified = {2017-10-26 18:41:41 +0000},
	Editor = {Oxford University Press},
	Title = {Extreme adjective},
	Url = {http://www.oxfordlearnersdictionaries.com/definition/english/extreme_1?q=extreme},
	Urlday = {11},
	Urlmonth = {Oktober},
	Urlyear = {2017},
	Year = {2017},
	Bdsk-Url-1 = {http://www.oxfordlearnersdictionaries.com/definition/english/extreme_1?q=extreme}}

@book{PDF:ExploringAssumptions,
	Author = {Andy Field and Jeremy Miles and Zo{\"e} Field},
	Chapter = {5},
	Date-Added = {2017-10-26 18:37:12 +0000},
	Date-Modified = {2017-10-26 18:37:12 +0000},
	Edition = {1st},
	Maintitle = {Discovering Statistics Using R},
	Pages = {502-599},
	Pagetotal = {992},
	Publisher = {SAGE Publications},
	Title = {Exploring assumptions},
	Year = {2012}}

@book{PDF:PairwiseComparison,
	Author = {Andy Field and Jeremy Miles and Zo{\"e} Field},
	Chapter = {10},
	Date-Added = {2017-10-26 18:32:19 +0000},
	Date-Modified = {2017-10-26 18:39:31 +0000},
	Edition = {1st},
	Maintitle = {Discovering Statistics Using R},
	Pages = {1097-1255},
	Pagetotal = {992},
	Publisher = {SAGE Publications},
	Title = {Comparing several means: ANOVA (GLM 1)},
	Year = {2012}}

@article{PDF:VisitingCulturalHeritage,
	Author = {Daphne Karreman and Geke Ludden and Vanessa Evers},
	Date-Added = {2017-10-25 11:53:12 +0000},
	Date-Modified = {2017-10-25 11:58:37 +0000},
	Editor = {Tapus A. and Andr{\'e} E. and Martin JC. and Ferland F. and Ammi M.},
	Issuesubtitle = {Social Robotics},
	Issuetitle = {International Conference on Social Robotics},
	Journaltitle = {Springer},
	Note = {Part of the Lecture Notes in Computer Science book series (LNCS, volume 9388)},
	Pages = {317-326},
	Title = {Visiting Cultural Heritage with a Tour Guide Robot: A User Evaluation Study in-the-Wild},
	Year = {2015}}

@online{WEB:LGsRobot,
	Author = {James Vincent},
	Date-Added = {2017-10-25 11:15:41 +0000},
	Date-Modified = {2017-10-25 11:17:21 +0000},
	Day = {21},
	Month = {Juli},
	Title = {LG's new airport robots will guide you to your gate and clean up your trash},
	Url = {https://www.theverge.com/2017/7/21/16007680/lg-airport-robot-cleaning-guide-south-korea-incheon},
	Urlday = {25},
	Urlmonth = {Oktober},
	Urlyear = {2017},
	Year = {2017},
	Bdsk-Url-1 = {https://www.theverge.com/2017/7/21/16007680/lg-airport-robot-cleaning-guide-south-korea-incheon}}

@article{PDF:AGuideRobotAiport,
	Author = {Michiel Joosse and Vanessa Evers},
	Date-Added = {2017-10-25 09:49:30 +0000},
	Date-Modified = {2017-10-25 09:52:18 +0000},
	Doi = {http://dx.doi.org/10.1145/3029798.3038389},
	Journaltitle = {HRI},
	Note = {Proceedings of the Companion of the 2017 ACM/IEEE International Conference on Human-Robot Interaction},
	Pages = {149-150},
	Title = {A Guide Robot at the Airport: First Impressions},
	Year = {2017},
	Bdsk-Url-1 = {http://dx.doi.org/10.1145/3029798.3038389}}

@book{PDF:SpencerProject,
	Author = {Rudolph Triebel and Kai Arras and Rachid Alami and Lucas Beyer and Stefan Breuers and Raja Chatila and Mohamed Chetouani and Daniel Cremers and Vanessa Evers and Michelangelo Fiore and Hayley Hung and Omar A. Islas Ram{\'\i}rez and Michiel Joosse and Harmish Khambhaita and Tomasz Kucner and Bastian Leibe and Achim J. Lilienthal and Timm Linder and Manja Lohse and Martin Magnusson and Billy Okal and Luigi Palmieri and Umer Rafi and Marieke van Rooij and Lu Zhang},
	Date-Added = {2017-10-25 09:34:28 +0000},
	Date-Modified = {2017-10-25 09:46:30 +0000},
	Doi = {10.1007/978-3-319-27702-8_40},
	Edition = {113},
	Editor = {David S. Wettergreen and Timothy D. Barfoot},
	Mainsubtitle = {Results of the 10th International Conference},
	Maintitle = {Field and Service Robotics},
	Note = {Tracts in Advanced Robotics},
	Pages = {607-622},
	Part = {VI Systems},
	Publisher = {Springer},
	Title = {SPENCER: A Socially Aware Service Robot for Passenger Guidance and Help in Busy Airports},
	Year = {2016},
	Bdsk-Url-1 = {http://dx.doi.org/10.1007/978-3-319-27702-8_40}}

@article{PDF:UsingFFormations,
	Author = {Paul Marshall and Yvonne Rogers and Nadia Pantidi},
	Date-Added = {2017-10-22 18:34:08 +0000},
	Date-Modified = {2017-10-22 18:37:08 +0000},
	Doi = {10.1145/1958824.1958893},
	Journaltitle = {ACM},
	Pages = {445-454},
	Title = {Using F-formations to Analyse Spatial Patterns of Interaction in Physical Environments},
	Year = {2011},
	Bdsk-Url-1 = {http://dx.doi.org/10.1145/1958824.1958893}}

@article{PDF:PersonalityOfSocialRobots,
	Author = {Benedict Tay Tiong Chee and Park Taezoon and Qianli Xu and Jamie Ng and Odelia Tan},
	Date-Added = {2017-10-22 17:42:16 +0000},
	Date-Modified = {2017-10-22 17:45:41 +0000},
	Doi = {10.3233/WOR-2012-0168-272},
	Journaltitle = {Work},
	Pages = {272-276},
	Title = {Personality of social robots perceived through the appearance},
	Year = {2012},
	Bdsk-Url-1 = {http://dx.doi.org/10.3233/WOR-2012-0168-272}}

@article{PDF:UncannyVally,
	Author = {Masahiro Mori},
	Date-Added = {2017-10-22 13:26:00 +0000},
	Date-Modified = {2017-10-22 13:29:16 +0000},
	Doi = {10.1109/MRA.2012.2192811},
	Journalsubtitle = {Robotics and Automation Magazine},
	Journaltitle = {IEEE},
	Origlanguage = {Japanese},
	Pages = {98-100},
	Title = {The Uncanny Valley},
	Translator = {Karl F. MacDorman and Norri Kageki},
	Year = {2012},
	Bdsk-Url-1 = {http://dx.doi.org/10.1109/MRA.2012.2192811}}

@article{PDF:PsychologicalEffects,
	Author = {John Travis Butler and Arvin Agah},
	Date-Added = {2017-10-22 12:41:31 +0000},
	Date-Modified = {2017-10-22 12:44:34 +0000},
	Issue = {2},
	Journalsubtitle = {Autonomous Robots},
	Journaltitle = {Elsevier},
	Pages = {185-202},
	Title = {Psychological Effects of Behavior Patterns of a Mobile Personal Robot},
	Volume = {10},
	Year = {2001}}

@article{PDF:SocailAndCollaborative,
	Author = {Kerstin Severinson-Eklundh and Anders Green and Helge H{\"u}ttenrauch},
	Date-Added = {2017-10-22 12:28:56 +0000},
	Date-Modified = {2017-10-22 12:31:37 +0000},
	Doi = {10.1016/S0921-8890(02)00377-9},
	Journalsubtitle = {Robotics and Autonomous Systems},
	Journaltitle = {Elsevier},
	Pages = {223-234},
	Title = {Social and collaborative aspects of interaction with a service robot},
	Volume = {42},
	Year = {2003},
	Bdsk-Url-1 = {http://dx.doi.org/10.1016/S0921-8890(02)00377-9}}

@article{PDF:RecommendationEffects,
	Author = {Masahiro Shiomi and Kazuhiko Shinozawa and Yoshifumi Nakagawa and Takahiro Miyashita and Toshio Sakamoto and Toshimitsu Terakubo and Hiroshi Ishiguro and Norihiro Hagita},
	Date-Added = {2017-10-22 12:24:10 +0000},
	Date-Modified = {2017-10-22 12:28:20 +0000},
	Doi = {10.1007/s12369-013-0180-4},
	Editor = {Springer},
	Issue = {2},
	Journaltitle = {International Journal of Social Robotics},
	Pages = {251-262},
	Title = {Recommendation Effects of a Social Robot for Advertisement-Use Context in a Shopping Mall},
	Volume = {5},
	Year = {2013},
	Bdsk-Url-1 = {http://dx.doi.org/10.1007/s12369-013-0180-4}}

@article{PDF:NavigationForHRITasks,
	Author = {Philipp Althaus and Hiroshi Ishiguro and Takayuki Kanda and Takahiro Miyashita and Henrik I. Christensen},
	Date-Added = {2017-10-22 12:16:29 +0000},
	Date-Modified = {2017-10-22 12:19:59 +0000},
	Doi = {10.1109/ROBOT.2004.1308100},
	Journalsubtitle = {Robotics and Automation},
	Journaltitle = {IEEE},
	Pages = {1894-1900},
	Title = {Navigation for Human-Robot Interaction Tasks},
	Year = {2004},
	Bdsk-Url-1 = {http://dx.doi.org/10.1109/ROBOT.2004.1308100}}

@article{PDF:HumanRobotEmodiedInteraction,
	Author = {Elena Pacchierotti and Henrik I. Christensen and Patric Jensfelt},
	Date-Added = {2017-10-16 15:44:54 +0000},
	Date-Modified = {2017-10-16 15:47:55 +0000},
	Doi = {10.1109/ROMAN.2005.1513774},
	Journalsubtitle = {International Workshop on Robots and Human Interactive Communication},
	Journaltitle = {IEEE},
	Pages = {164-171},
	Title = {Human-Robot Embodied Interaction in Hallway Settings: a Pilot User Study},
	Year = {2005},
	Bdsk-Url-1 = {http://dx.doi.org/10.1109/ROMAN.2005.1513774}}

@article{PDF:HowSocialDistanceShapesHRI,
	Author = {Yunkyung Kim and Bilge Mutlu},
	Date-Added = {2017-10-16 12:25:05 +0000},
	Date-Modified = {2017-10-16 12:26:50 +0000},
	Doi = {http://dx.doi.org/10.1016/j.ijhcs.2014.05.005},
	Issue = {72},
	Journalsubtitle = {Human-Computer Studies},
	Journaltitle = {Elsevier},
	Pages = {783-795},
	Title = {How social distance shapes human-robot interaction},
	Year = {2014},
	Bdsk-Url-1 = {http://dx.doi.org/10.1016/j.ijhcs.2014.05.005}}

@article{PDF:EffectsOfAnticipatedHRI,
	Author = {Friederike Eyssel and Dieta Kuchenbrandt and Simon Bobinger},
	Date-Added = {2017-10-16 10:05:46 +0000},
	Date-Modified = {2017-10-16 10:13:37 +0000},
	Doi = {10.1145/1957656.1957673},
	Journalsubtitle = {Proceedings of the 6th international conference on Human-robot interaction},
	Journaltitle = {Human-Robot Interaction, HRI},
	Pages = {61-68},
	Title = {Effects of Anticipated Human-Robot Interaction and Predictability of Robots Behavoir on Perceptions of Anthropomorphism},
	Year = {2011},
	Bdsk-Url-1 = {http://dx.doi.org/10.1145/1957656.1957673}}

@online{WEB:DefAntropomorisering,
	Author = {Bent Smidt Hansen},
	Date-Added = {2017-10-16 09:16:59 +0000},
	Date-Modified = {2017-10-16 09:19:08 +0000},
	Editor = {Den Store Danske, Gyldendal},
	Title = {Antropomorfisme},
	Url = {http://denstoredanske.dk/Sprog,_religion_og_filosofi/Religion_og_mystik/Primitiv_religion/antropomorfisme},
	Urlday = {16.},
	Urlmonth = {Oktober},
	Urlyear = {2017},
	Year = {2017},
	Bdsk-Url-1 = {http://denstoredanske.dk/Sprog,_religion_og_filosofi/Religion_og_mystik/Primitiv_religion/antropomorfisme}}

@article{PDF:HowMayIServeYou,
	Author = {K. Dautenhahn and M. Walters and S. Woods and K. L. Koay and C. L. Nehaniv and E. A. Sisbot and R. Alami and T. Sim{\'e}on},
	Date-Added = {2017-10-15 16:34:40 +0000},
	Date-Modified = {2017-10-16 05:58:55 +0000},
	Doi = {10.1145/1121241.1121272},
	Journaltitle = {ACM},
	Pages = {172-179},
	Title = {How May I Serve You? A Robote Companion Approaching a Seated Person in a Helping Context},
	Year = {2006},
	Bdsk-Url-1 = {http://dx.doi.org/10.1145/1121241.1121272}}

@book{PDF:InTheCompanyofRobots,
	Author = {James E. Katz and Daniel Halpern and Elizabeth Thomas Crocker},
	Chapter = {3},
	Date-Added = {2017-10-15 15:17:04 +0000},
	Date-Modified = {2017-10-15 15:17:04 +0000},
	Doi = {10.1007/978-3-319-15672-9_3},
	Editor = {Jane Vincent and Sakari Taipale and Bartolomeo Sapio and Giuseppe Lugano and Leopoldine Fortunati},
	Maintitle = {Social Robots from a Human Perspective},
	Pages = {25-38},
	Publisher = {Springer},
	Title = {In the Company of Robots: Views of Acceptability of Robots in Social Settings},
	Year = {2015},
	Bdsk-Url-1 = {http://dx.doi.org/10.1007/978-3-319-15672-9_3}}

@article{PDF:TowardSociableRobots,
	Author = {Cynthia Breazeal},
	Date-Added = {2017-10-15 11:49:10 +0000},
	Date-Modified = {2017-10-15 11:50:45 +0000},
	Doi = {10.1016/S0921-8890(02)00373-1},
	Issue = {42},
	Issuetitle = {Robotics and Autonomous Systems},
	Journaltitle = {Elsevier},
	Pages = {167-175},
	Title = {Toward sociable robots},
	Year = {2003},
	Bdsk-Url-1 = {http://dx.doi.org/10.1016/S0921-8890(02)00373-1}}

@book{PDF:TheMobilePhoneAnEmontionalisedSR,
	Author = {Jane Vincent},
	Chapter = {9},
	Date-Added = {2017-10-15 11:19:28 +0000},
	Date-Modified = {2017-10-15 11:19:28 +0000},
	Doi = {DOI 10.1007/978-3-319-15672-9_9},
	Editor = {Jane Vincent and Sakari Taipale and Bartolomeo Sapio and Giuseppe Lugano and Leopoldine Fortunati},
	Maintitle = {Social Robots from a Human Perspective},
	Pages = {105-115},
	Publisher = {Springer},
	Title = {The Mobile Phone: An Emotionalised Social Robot},
	Year = {2015},
	Bdsk-Url-1 = {http://dx.doi.org/10.1007/978-3-319-15672-9_3}}

@thesis{PDF:AssesingAcceptance,
	Author = {M. Heerink},
	Date-Added = {2017-10-15 11:10:47 +0000},
	Date-Modified = {2017-10-15 11:13:54 +0000},
	Institution = {Informatics Institute (IVI)},
	Location = {Amsterdam},
	Pagetotal = {183},
	Title = {Assessing acceptance of assistive social robots by aging adults},
	Type = {PhD Thesis},
	Url = {http://hdl.handle.net/11245/1.327918},
	Year = {2010},
	Bdsk-Url-1 = {http://hdl.handle.net/11245/1.327918}}

@article{PDF:TheImpactOfTraveler,
	Author = {Vanja Bogicevic and Milos Bujisic and Anil Bilgihan and Wan Yang and Cihan Cobanoglu},
	Date-Added = {2017-10-14 18:32:03 +0000},
	Date-Modified = {2017-10-14 18:35:10 +0000},
	Doi = {http://dx.doi.org/10.1016/j.techfore.2017.03.038},
	Issue = {123},
	Issuetitle = {Technological Forecasting and Social Change},
	Journaltitle = {Elsevier},
	Pages = {351-361},
	Title = {The impact of traveler-focused airport techonology on traveler satisfaction.},
	Year = {2017},
	Bdsk-Url-1 = {http://dx.doi.org/10.1016/j.techfore.2017.03.038}}

@article{PDF:FutureAirportTerminals,
	Author = {Sofia Kalakou and Voula Psaraki-Kalouptsidi and Filipe Moura},
	Date-Added = {2017-10-14 17:56:19 +0000},
	Date-Modified = {2017-10-14 17:58:34 +0000},
	Doi = {http://dx.doi.org/10.1016/j.jairtraman.2014.10.005},
	Issue = {42},
	Issuetitle = {Air Transport Management},
	Journaltitle = {Elsevier},
	Pages = {203-212},
	Title = {Future airport terminals: New technologies promise capacity gains.},
	Year = {2015},
	Bdsk-Url-1 = {http://dx.doi.org/10.1016/j.jairtraman.2014.10.005}}

@article{PDF:CustomerPerceptionOfService,
	Author = {Juan Gabriel Brida and Luis Moreno-Izquierdo and Sandra Zapata-Aquirre},
	Date-Added = {2017-10-14 16:56:57 +0000},
	Date-Modified = {2017-10-14 17:00:21 +0000},
	Doi = {http://dx.doi.org/10.1016/j.tmp.2016.09.003},
	Issue = {20},
	Issuetitle = {Tourism Management Perspectives},
	Journaltitle = {Elsevier},
	Pages = {209-216},
	Title = {Customer perception of service quality: The role of Information and Communication Technologies (ITCs) at airport functional areas},
	Year = {2016},
	Bdsk-Url-1 = {http://dx.doi.org/10.1016/j.tmp.2016.09.003}}

@article{PDF:CloseButNotStuck,
	Author = {Daniel Halpern and James E. Katz},
	Date-Added = {2017-10-14 16:06:00 +0000},
	Date-Modified = {2017-10-14 16:12:00 +0000},
	Issn = {2296-3413},
	Journaltitle = {Intervalla : Platform for Intellectual Exchange},
	Pages = {17-34},
	Title = {Close But Not Stuck: Understanding Social Distance in Human-Robot Interaction Through a Computer Mediation Approach.},
	Volume = {1},
	Year = {2013}}

@online{WEB:ROMEO,
	Author = {SoftBank Robotics},
	Date-Added = {2017-10-14 15:29:34 +0000},
	Date-Modified = {2017-10-14 15:30:30 +0000},
	Day = {19},
	Month = {Maj},
	Title = {What is the ROMEO project?},
	Url = {https://www.ald.softbankrobotics.com/en/robots/romeo},
	Urlday = {14},
	Urlmonth = {Oktober},
	Urlyear = {2017},
	Year = {2016},
	Bdsk-Url-1 = {https://www.ald.softbankrobotics.com/en/robots/romeo}}

@book{PDF:MinimizingTheHuman,
	Author = {Timo Kaerlein},
	Chapter = {7},
	Date-Added = {2017-10-14 15:19:27 +0000},
	Date-Modified = {2017-10-14 15:19:27 +0000},
	Doi = {10.1007/978-3-319-15672-9_7},
	Editor = {Jane Vincent and Sakari Taipale and Bartolomeo Sapio and Giuseppe Lugano and Leopoldine Fortunati},
	Maintitle = {Social Robots from a Human Perspective},
	Pages = {77-88},
	Publisher = {Springer},
	Title = {Minimizing the Human? Functional Reductions of Complexity in Social Robotics and Their Cybernetic Heritage},
	Year = {2015},
	Bdsk-Url-1 = {http://dx.doi.org/10.1007/978-3-319-15672-9_3}}

@online{WEB:PARO,
	Author = {PARO Robots},
	Date-Added = {2017-10-14 15:13:22 +0000},
	Date-Modified = {2017-10-14 15:15:22 +0000},
	Title = {PARO Therapeutic Robot},
	Url = {http://www.parorobots.com},
	Urlday = {14},
	Urlmonth = {Oktober},
	Urlyear = {2017},
	Year = {2014},
	Bdsk-Url-1 = {http://www.parorobots.com}}

@online{WEB:NAO,
	Author = {SoftBank Robotics},
	Date-Added = {2017-10-14 15:01:57 +0000},
	Date-Modified = {2017-10-14 15:05:25 +0000},
	Day = {19},
	Month = {Maj},
	Title = {For education and research},
	Url = {https://www.ald.softbankrobotics.com/en/solutions/education-research},
	Urlday = {14},
	Urlmonth = {Oktober},
	Urlyear = {2017},
	Year = {2016},
	Bdsk-Url-1 = {https://www.ald.softbankrobotics.com/en/solutions/education-research}}

@article{PDF:ExploringInfluencingVariable,
	Author = {Maartje M.A. de Graaf and Somaya Ben Allouch},
	Date-Added = {2017-10-14 14:50:30 +0000},
	Date-Modified = {2017-10-14 14:54:45 +0000},
	Doi = {http://dx.doi.org/10.1016/j.robot.2013.07.007},
	Issue = {61},
	Issuetitle = {Robotics and Autonomous Systems},
	Journaltitle = {Elsevier},
	Pages = {1476-1486},
	Title = {Exploring influencing variables for the acceptance of social robots},
	Year = {2013},
	Bdsk-Url-1 = {http://dx.doi.org/10.1016/j.robot.2013.07.007}}

@book{PDF:GamesChrildrenAutism,
	Author = {K. Dautenhahn and A. Billard},
	Chapter = {18},
	Date-Added = {2017-10-14 14:23:17 +0000},
	Date-Modified = {2017-10-14 14:31:08 +0000},
	Doi = {https://doi.org/10.1007/978-1-4471-3719-1_18},
	Editor = {Keates S. and Langdon P. and Clarkson P.J. and Robinson P.},
	Maintitle = {Universal Access and Assistive Technology},
	Pages = {179-190},
	Publisher = {Springer},
	Title = {Games Children with Autism Can Play With Robota, a Humanoid Robotic Doll},
	Year = {2002},
	Bdsk-Url-1 = {https://doi.org/10.1007/978-1-4471-3719-1_18}}

@book{PDF:RobotShiftFromIPtoSR,
	Author = {Sakari Taipale and Federico de Luca and Mauro Sarrica and Leopoldine Fortunati},
	Chapter = {2},
	Date-Added = {2017-10-14 14:16:14 +0000},
	Date-Modified = {2017-10-15 11:21:15 +0000},
	Doi = {DOI 10.1007/978-3-319-15672-9_2},
	Editor = {Jane Vincent and Sakari Taipale and Bartolomeo Sapio and Giuseppe Lugano and Leopoldine Fortunati},
	Maintitle = {Social Robots from a Human Perspective},
	Pages = {11-24},
	Publisher = {Springer},
	Title = {Robot Shift from Industrial Production to Social Reproduction},
	Year = {2015},
	Bdsk-Url-1 = {http://dx.doi.org/10.1007/978-3-319-15672-9_3}}

@book{PDF:PerceptionAcceptance,
	Author = {Joachim R. H{\"o}flich and Afifa El Bayed},
	Chapter = {4},
	Date-Added = {2017-10-14 13:45:37 +0000},
	Date-Modified = {2017-10-15 15:19:03 +0000},
	Doi = {10.1007/978-3-319-15672-9_4},
	Editor = {Jane Vincent and Sakari Taipale and Bartolomeo Sapio and Giuseppe Lugano and Leopoldine Fortunati},
	Maintitle = {Social Robots from a Human Perspective},
	Pages = {39-51},
	Publisher = {Springer},
	Title = {Perception, Acceptance, and the Social Construction of Robots - Exploratory Studies},
	Year = {2015},
	Bdsk-Url-1 = {http://dx.doi.org/10.1007/978-3-319-15672-9_3}}

@article{PDF:SharingALifeHarvey,
	Author = {Maartje M.A. de Graaf and Somaya Ben Allouch and Tineke Klamer},
	Date-Added = {2017-10-14 13:40:06 +0000},
	Date-Modified = {2017-10-14 14:55:50 +0000},
	Doi = {http://dx.doi.org/10.1016/j.chb.2014.10.030},
	Issue = {43},
	Issuetitle = {Computers in Human Behavior},
	Journaltitle = {Elsevier},
	Pages = {1-14},
	Title = {Sharing a life with Harvey: Exploring the acceptance of and relationship-building with a social robot.},
	Year = {2015},
	Bdsk-Url-1 = {http://dx.doi.org/10.1016/j.chb.2014.10.030}}

@article{PDF:AnEthologicalEmotional,
	Author = {Ronald C. Arkin and Masahiro Fujita and Tsuyoshi Takagi and Rika Hasegawa},
	Date-Added = {2017-10-14 13:29:48 +0000},
	Date-Modified = {2017-10-14 14:56:44 +0000},
	Doi = {10.1016/S0921-8890(02)00375-5},
	Issue = {42},
	Issuetitle = {Robotics and Autonomous Systems},
	Journaltitle = {Elsevier Science},
	Pages = {191-201},
	Title = {An ethological and emotional bassis for human-robot interaction.},
	Year = {2003},
	Bdsk-Url-1 = {http://dx.doi.org/10.1016/S0921-8890(02)00375-5}}

@online{WEB:AIBO,
	Author = {SONY},
	Date-Added = {2017-10-14 13:25:10 +0000},
	Date-Modified = {2017-10-14 13:26:50 +0000},
	Title = {AIBOS HISTORY},
	Url = {http://www.sony-aibo.com/aibos-history/},
	Urlday = {14},
	Urlmonth = {Oktober},
	Urlyear = {2017},
	Year = {2017},
	Bdsk-Url-1 = {http://www.sony-aibo.com/aibos-history/}}

@online{WEB:Double,
	Author = {Doubler Robotics},
	Date-Added = {2017-10-14 09:36:52 +0000},
	Date-Modified = {2017-10-14 09:38:23 +0000},
	Title = {Work from anywhere},
	Url = {https://www.doublerobotics.com},
	Urlday = {14},
	Urlmonth = {Oktober},
	Urlyear = {2017},
	Year = {2017},
	Bdsk-Url-1 = {https://www.doublerobotics.com}}
