%% This BibTeX bibliography file was created using BibDesk.
%% http://bibdesk.sourceforge.net/

%% Created for Sara Nielsen at 2017-10-14 11:38:23 +0200 


%% Saved with string encoding Unicode (UTF-8) 


@comment{jabref-meta: databaseType:bibtex;}



@online{WEB:Double,
	Author = {Doubler Robotics},
	Date-Added = {2017-10-14 09:36:52 +0000},
	Date-Modified = {2017-10-14 09:38:23 +0000},
	Title = {Work from anywhere},
	Url = {https://www.doublerobotics.com},
	Urlday = {14},
	Urlmonth = {Oktober},
	Urlyear = {2017},
	Year = {2017}}
