@article{Christensen2017,
   author = {Christensen, Anders T. and Ordo{\~n}ez, Rodrigo and Hammersh{\o}i, Dorte},
   title = {Distortion-Product Otoacoustic Emission Measured Below 300 Hz in Normal-Hearing Human Subjects},
   language = {English},
   year = {2017},
   volume = {18},
   pages = {197--208},
}

@article{patterson-1976,
author = {Roy D. Patterson},
title = {Auditory filter shapes derived with noise stimuli},
journal = {The Journal of the Acoustical Society of America},
volume = {59},
number = {3},
pages = {640-654},
year = {1976}
}

@article{Glasberg1990,
   author = {Glasberg, B. R. and Moore, B. C.},
   title = {Derivation of auditory filter shapes from notched-noise data},
   language = {English},
   year = {1990},
   volume = {47},
   pages = {103--138},
}

@article{finestruct,
author = {Karen Reuter and Dorte Hammershøi},
title = {Distortion product otoacoustic emission fine structure analysis of 50 normal-hearing humans},
journal = {The Journal of the Acoustical Society of America},
volume = {120},
number = {1},
pages = {270-279},
year = {2006},

}
