%% This BibTeX bibliography file was created using BibDesk.
%% http://bibdesk.sourceforge.net/

%% Created for Sara Nielsen at 2017-09-18 13:40:00 +0200 


%% Saved with string encoding Unicode (UTF-8) 


@comment{jabref-meta: databaseType:bibtex;}

@incollection{PsychophysicalScaling,
	author	= "Lawrence E. Marks and George A. Gescheider",
	title	= "Psychophysical Scaling",
	booktitle= "Stevens' Handbook of Experimental Psychology ",
	publisher= "New York, N.Y. : John Wiley",
	editor	= "Third",
	volume	= "4",
	%number	= "",
	%series	= "",
	%type	= "",
	chapter= "3",
	pages	= "91 - 138",
	%address= "",
	%edition= "",
	year	= "2001",
	%month	= "",
	%note	= "",
}

@book{PDF:PsyphyMethods,
	Author = {Walter H. Ehrenstein and Addie Ehrenstein},
	Chapter = {43},
	Date-Added = {2017-09-18 11:33:38 +0000},
	Date-Modified = {2017-09-18 11:39:58 +0000},
	Pages = {1211-1241},
	Title = {Psychophysical Methods},
	Year = {1999}}

@book{PDF:Hearing,
	Author = {Stanley A. Gelfand},
	Chapter = {7},
	Date-Added = {2017-09-18 08:38:32 +0000},
	Date-Modified = {2017-09-18 08:42:12 +0000},
	Edition = {Fourth},
	Editor = {Marcel Dekker},
	Isbn = {0-8247-5652-2},
	Pages = {287-296},
	Subtitle = {An Introduction to Psychological and Physiological Acoustics},
	Title = {Hearing},
	Year = {2004}}

@article{PDF:Psychoacoustic,
	Author = {Torben Poulsen},
	Date-Added = {2017-09-18 08:13:11 +0000},
	Date-Modified = {2017-09-18 08:14:02 +0000},
	Pages = {20-23},
	Title = {Psychoacoustic Measuring Methods},
	Version = {2.2},
	Year = {2005}}
