% Encoding: UTF-8

@Article{Wier1977,
  author  = {Craig C. Wier, Walt Jesteadt, David M. Green},
  title   = {Frequency discrimination as a function of frequency and sensation level},
  journal = {The Journal of the Acoustical Society of America 61, 178},
  year    = {1977},
  doi     = {10.1121/1.381251},
  url     = {http://asa.scitation.org/doi/pdf/10.1121/1.381251},
}

@Comment{jabref-meta: databaseType:bibtex;}
