% Encoding: UTF-8

@Article{Graaf2013,
  author   = {Maartje M.A. de Graaf and Somaya Ben Allouch},
  title    = {Exploring influencing variables for the acceptance of social robots},
  journal  = {Robotics and Autonomous Systems},
  year     = {2013},
  volume   = {61},
  number   = {12},
  pages    = {1476 - 1486},
  issn     = {0921-8890},
  doi      = {https://doi.org/10.1016/j.robot.2013.07.007},
  keywords = {Social robots, User study, User acceptance, Utilitarian variables, Hedonic variables, User characteristics},
  url      = {http://www.sciencedirect.com/science/article/pii/S0921889013001334},
}

@Article{Graaf2015,
  author        = {Maartje M.A. de Graaf and Somaya Ben Allouch and Tineke Klamer},
  title         = {Sharing a life with Harvey: Exploring the acceptance of and relationship-building with a social robot},
  journal       = {Computers in Human Behavior},
  year          = {2015},
  volume        = {43},
  number        = {Supplement C},
  pages         = {1 - 14},
  issn          = {0747-5632},
  __markedentry = {[Andreas:6]},
  doi           = {https://doi.org/10.1016/j.chb.2014.10.030},
  keywords      = {Domestic environment, Human-robot interaction, Long-term study, Social robots, User acceptance},
  url           = {http://www.sciencedirect.com/science/article/pii/S0747563214005536},
}

@Comment{jabref-meta: databaseType:bibtex;}
